@misc{gplv3,
  title        = {GNU General Public License},
  author       = "{Free Software Foundation}",
  version      = {3},
  shorthand    = {GPL},
  organization = {Free Software Foundation},
  url          = {http://www.gnu.org/licenses/gpl.html},
  pagination   = {section},
  language     = {english},
  date         = {2007-06-29},
  year         = {2007}
  }
