
@misc{AgencyforHealthcareResearchandQuality_ClinicalClassificationsSoftware_2012,
  author = {{Agency for Healthcare Research {and} Quality}},
  howpublished = {\url{http://www.ahrq.gov/research/data/hcup/icd10usrgd.html}},
  language = {en-us},
  note = {Accessed 2018-04-24; Agency for Healthcare Research and Quality, Rockville, MD, USA},
  title = {Clinical {{Classifications Software}} for {{ICD}}-10 {{Data}}},
  url = {http://www.ahrq.gov/research/data/hcup/icd10usrgd.html},
  year = {2012}
}
% == BibTeX quality report for AgencyforHealthcareResearchandQuality_ClinicalClassificationsSoftware_2012:
% ? Title looks like it was stored in title-case in Zotero

@misc{AgencyforHealthcareResearchandQuality_Elixhausercomorbiditysoftware_2018,
  author = {{Agency for Healthcare Research {and} Quality}},
  howpublished = {\url{https://www.hcup-us.ahrq.gov/toolssoftware/comorbidityicd10/comorbidity_icd10.jsp}},
  month = mar,
  note = {Accessed 2018-04-23; Agency for Healthcare Research and Quality, Rockville, MD, USA},
  title = {Elixhauser Comorbidity Software for {{ICD}}-10-{{CM}} Healthcare Cost and Utilization Project},
  type = {Text},
  url = {https://www.hcup-us.ahrq.gov/toolssoftware/comorbidityicd10/comorbidity_icd10.jsp},
  year = {2018}
}

@article{charlson_new_1987,
  author = {Charlson, Mary E. and Pompei, Peter and Ales, Kathy L. and MacKenzie, C. Ronald},
  doi = {10.1016/0021-9681(87)90171-8},
  issn = {0021-9681},
  journal = {Journal of Chronic Diseases},
  number = {5},
  pages = {373-383},
  shorttitle = {A New Method of Classifying Prognostic Comorbidity in Longitudinal Studies},
  title = {A New Method of Classifying Prognostic Comorbidity in Longitudinal Studies: {{Development}} and Validation},
  volume = {40},
  year = {1987}
}

@misc{CMS_CentersMedicareMedicaid_2018,
  author = {CMS},
  howpublished = {\url{https://www.cms.gov/}},
  journal = {Research, Statistics, Data \& Systems},
  language = {en-us},
  month = nov,
  note = {Accessed 2018-06-11; U.S. Centers for Medicare \& Medicaid Services. 7500 Security Boulevard, Baltimore, MD 21244, USA},
  title = {Centers for {{Medicare}} and {{Medicaid Services}}: {{Research}}, Statistics, Data \& Systems},
  url = {https://www.cms.gov/},
  year = {2018}
}

@article{Eddelbeuttel_FastElegantNumerical_2013,
  author = {Eddelbeuttel, Dirk and Bates, Douglas},
  doi = {10.18637/jss.v052.i05},
  journal = {Journal of Statistical Software},
  language = {en-US},
  number = {5},
  title = {Fast and {{Elegant Numerical Linear Algebra Using}} the {{RcppEigen Package}} | {{Bates}} | {{Journal}} of {{Statistical Software}}},
  volume = {52},
  year = {2013}
}
% == BibTeX quality report for Eddelbeuttel_FastElegantNumerical_2013:
% Missing required field 'pages'
% ? Title looks like it was stored in title-case in Zotero

@article{Eddelbuettel_RcppSeamlessIntegration_2011,
  author = {Eddelbuettel, Dirk and Francois, Romain},
  doi = {10.18637/jss.v040.i08},
  journal = {Journal of Statistical Software},
  language = {en-US},
  number = {8},
  shorttitle = {Rcpp},
  title = {Rcpp: {{Seamless R}} and {{C}}++ {{Integration}}},
  volume = {40},
  year = {2011}
}
% == BibTeX quality report for Eddelbuettel_RcppSeamlessIntegration_2011:
% Missing required field 'pages'
% ? Title looks like it was stored in title-case in Zotero

@article{elixhauser_comorbidity_1998,
  author = {Elixhauser, Anne and Steiner, Claudia and Harris, D. Robert and Coffey, Rosanna M.},
  issn = {0025-7079},
  journal = {Medical Care January 1998},
  number = {1},
  pages = {8-27},
  title = {Comorbidity {{Measures}} for {{Use}} with {{Administrative Data}}},
  url = {http://ovidsp.ovid.com/ovidweb.cgi?T=JS\&CSC=Y\&NEWS=N\&PAGE=fulltext\&D=ovftc\&AN=00005650-199801000-00004},
  urldate = {2014-06-25},
  volume = {36},
  year = {1998}
}
% == BibTeX quality report for elixhauser_comorbidity_1998:
% ? Title looks like it was stored in title-case in Zotero

@techreport{Evans_EvaluationCMSHCCRisk_2011,
  author = {Evans, Melissa A.},
  institution = {{Center for Medicaid and Medicare Services}},
  language = {en},
  month = mar,
  pages = {127},
  title = {Evaluation of the {{CMS}}-{{HCC Risk Adjustment Model}}},
  url = {https://www.cms.gov/Medicare/Health-Plans/MedicareAdvtgSpecRateStats/downloads/evaluation_risk_adj_model_2011.pdf},
  year = {2011}
}
% == BibTeX quality report for Evans_EvaluationCMSHCCRisk_2011:
% ? Title looks like it was stored in title-case in Zotero

@article{Feinstein_packagepediatriccomplex_2018,
  author = {Feinstein, James A. and Russell, Seth and DeWitt, Peter E. and Feudtner, Chris and Dai, Dingwei and Bennett, Tellen D.},
  doi = {10.1001/jamapediatrics.2018.0256},
  issn = {2168-6211},
  journal = {JAMA pediatrics},
  language = {eng},
  month = apr,
  number = {6},
  pages = {596-598},
  pmcid = {PMC5933455},
  pmid = {29710063},
  title = {R Package for Pediatric Complex Chronic Condition Classification},
  volume = {172},
  year = {2018}
}

@article{Feudtner_Pediatriccomplexchronic_2014,
  author = {Feudtner, Chris and Feinstein, James A and Zhong, Wenjun and Hall, Matt and Dai, Dingwei},
  doi = {10.1186/1471-2431-14-199},
  issn = {1471-2431},
  journal = {BMC Pediatrics},
  month = aug,
  pages = {199},
  pmcid = {PMC4134331},
  pmid = {25102958},
  shorttitle = {Pediatric Complex Chronic Conditions Classification System Version 2},
  title = {Pediatric Complex Chronic Conditions Classification System Version 2: Updated for {{ICD}}-10 and Complex Medical Technology Dependence and Transplantation},
  volume = {14},
  year = {2014}
}
% == BibTeX quality report for Feudtner_Pediatriccomplexchronic_2014:
% Missing required field 'number'

@article{frank_risk-adjusted_2014,
  author = {Frank, Steven M. and Wick, Elizabeth C. and Dezern, Amy E. and Ness, Paul M. and Wasey, Jack O. and Pippa, Andrew C. and Dackiw, Elizabeth and Resar, Linda M.S.},
  copyright = {\textcopyright{} 2014 AABB},
  doi = {10.1111/trf.12752},
  issn = {1537-2995},
  journal = {Transfusion},
  language = {en},
  month = jan,
  number = {10},
  pages = {2668-2677},
  title = {Risk-Adjusted Clinical Outcomes in Patients Enrolled in a Bloodless Program},
  volume = {54},
  year = {2014}
}

@misc{Guennebaud_Eigen_2017,
  author = {Guennebaud, G and Jacob, B and {et al}},
  howpublished = {\url{http://eigen.tuxfamily.org/index.php?title=Main_Page}},
  note = {(accessed 2018-07-09)},
  title = {Eigen},
  url = {http://eigen.tuxfamily.org/index.php?title=Main_Page},
  urldate = {2018-07-09},
  year = {2017}
}

@article{Lee_Predictingmortalitypatients_2003,
  author = {Lee, Douglas S. and Austin, Peter C. and Rouleau, Jean L. and Liu, Peter P. and Naimark, David and Tu, Jack V.},
  doi = {10.1001/jama.290.19.2581},
  issn = {0098-7484},
  journal = {JAMA},
  language = {en},
  month = nov,
  number = {19},
  pages = {2581-2587},
  shorttitle = {Predicting {{Mortality Among Patients Hospitalized}} for {{Heart Failure}}},
  title = {Predicting Mortality among Patients Hospitalized for Heart Failure: Derivation and Validation of a Clinical Model},
  volume = {290},
  year = {2003}
}

@article{Pope_RiskadjustmentMedicare_2004,
  author = {Pope, G. C. and Kautter, J. and Ellis, R. P. and Ash, A. S. and Ayanian, J. Z. and Lezzoni, L. I. and Ingber, M. J. and Levy, J. M. and Robst, J.},
  issn = {0195-8631},
  journal = {Health care financing review, Health Care Financing Review},
  language = {eng},
  number = {4, 4},
  pages = {119, 119-141},
  pmid = {15493448},
  title = {Risk Adjustment of {{Medicare}} Capitation Payments Using the {{CMS}}-{{HCC}} Model., {{Risk Adjustment}} of {{Medicare Capitation Payments Using}} the {{CMS}}-{{HCC Model}}},
  url = {http://europepmc.org/abstract/MED/15493448},
  urldate = {2018-04-24},
  volume = {25, 25},
  year = {2004}
}

@article{quan_coding_2005,
  author = {Quan, Hude and Sundararajan, Vijaya and Halfon, Patricia and Fong, Andrew and Burnand, Bernard and Luthi, Jean-Christophe and Saunders, L. Duncan and Beck, Cynthia A. and Feasby, Thomas E. and Ghali, William A.},
  copyright = {Copyright \textcopyright{} 2005 Lippincott Williams \& Wilkins},
  issn = {0025-7079},
  journal = {Medical Care},
  month = nov,
  number = {11},
  pages = {1130-1139},
  title = {Coding {{Algorithms}} for {{Defining Comorbidities}} in {{ICD}}-9-{{CM}} and {{ICD}}-10 {{Administrative Data}}},
  url = {http://www.jstor.org/stable/3768193},
  urldate = {2014-06-24},
  volume = {43},
  year = {2005}
}
% == BibTeX quality report for quan_coding_2005:
% ? Title looks like it was stored in title-case in Zotero

@article{quan_updating_2011,
  author = {Quan, Hude and Li, Bing and Couris, Chantal M. and Fushimi, Kiyohide and Graham, Patrick and Hider, Phil and Januel, Jean-Marie and Sundararajan, Vijaya},
  doi = {10.1093/aje/kwq433},
  issn = {0002-9262, 1476-6256},
  journal = {American Journal of Epidemiology},
  language = {en},
  month = mar,
  number = {6},
  pages = {676-682},
  pmid = {21330339},
  title = {Updating and {{Validating}} the {{Charlson Comorbidity Index}} and {{Score}} for {{Risk Adjustment}} in {{Hospital Discharge Abstracts Using Data From}} 6 {{Countries}}},
  volume = {173},
  year = {2011}
}
% == BibTeX quality report for quan_updating_2011:
% ? Title looks like it was stored in title-case in Zotero

@article{So_ICD10codingalgorithms_2006,
  author = {So, Lawrence and Evans, Dewey and Quan, Hude},
  doi = {10.1186/1472-6963-6-161},
  issn = {1472-6963},
  journal = {BMC Health Services Research},
  month = dec,
  pages = {161},
  pmcid = {PMC1781440},
  pmid = {17173686},
  title = {{{ICD}}-10 Coding Algorithms for Defining Comorbidities of Acute Myocardial Infarction},
  volume = {6},
  year = {2006}
}
% == BibTeX quality report for So_ICD10codingalgorithms_2006:
% Missing required field 'number'

@article{vanWalraven_modificationElixhausercomorbidity_2009,
  author = {{van Walraven}, Carl and Austin, Peter C. and Jennings, Alison and Quan, Hude and Forster, Alan J.},
  doi = {10.1097/MLR.0b013e31819432e5},
  issn = {1537-1948},
  journal = {Medical Care},
  language = {eng},
  month = jun,
  number = {6},
  pages = {626-633},
  pmid = {19433995},
  title = {A Modification of the {{Elixhauser}} Comorbidity Measures into a Point System for Hospital Death Using Administrative Data},
  volume = {47},
  year = {2009}
}

@misc{VermontDepartmentofHealth_VermontHospitalDischarge_2016,
  author = {{Vermont Department of Health}},
  howpublished = {\url{http://www.healthvermont.gov/health-statistics-vital-records/health-care-systems-reporting/hospital-discharge-data}},
  journal = {Vermont Department of Health},
  language = {en},
  month = jul,
  note = {Accessed 2018-05-05; Health Surveillance Division, P.O. Box 70, Burlington, VT 05402, USA},
  title = {Vermont {{Hospital Discharge Data}}},
  url = {http://www.healthvermont.gov/health-statistics-vital-records/health-care-systems-reporting/hospital-discharge-data},
  year = {2016}
}
% == BibTeX quality report for VermontDepartmentofHealth_VermontHospitalDischarge_2016:
% ? Title looks like it was stored in title-case in Zotero

@misc{WHO_Internationalclassificationdiseases_2018,
  author = {WHO},
  howpublished = {\url{http://www.who.int/classifications/icd/en/}},
  journal = {WHO},
  month = jun,
  note = {Accessed 2018-06-18; World Health Organization, Avenue Appia 20, 1202 Geneva, Switzerland},
  title = {International Classification of Diseases},
  url = {http://www.who.int/classifications/icd/en/},
  year = {2018}
}


