
@online{AgencyforHealthcareResearchandQuality_ClinicalClassificationsSoftware_2012,
  author = {Agency for Healthcare Research {and} Quality},
  date = {2012},
  langid = {american},
  note = {Accessed 2018-04-24; Agency for Healthcare Research and Quality, Rockville, MD, USA},
  title = {Clinical {{Classifications Software}} for {{ICD}}-10 {{Data}}},
  url = {http://www.ahrq.gov/research/data/hcup/icd10usrgd.html}
}
% == BibLateX quality report for AgencyforHealthcareResearchandQuality_ClinicalClassificationsSoftware_2012:
% ? Title looks like it was stored in title-case in Zotero

@online{AgencyforHealthcareResearchandQuality_Elixhausercomorbiditysoftware_2018,
  author = {Agency for Healthcare Research {and} Quality},
  date = {2018-03},
  note = {Accessed 2018-04-23; Agency for Healthcare Research and Quality, Rockville, MD, USA},
  title = {Elixhauser Comorbidity Software for {{ICD}}-10-{{CM}} Healthcare Cost and Utilization Project},
  type = {Text},
  url = {https://www.hcup-us.ahrq.gov/toolssoftware/comorbidityicd10/comorbidity_icd10.jsp}
}
% == BibLateX quality report for AgencyforHealthcareResearchandQuality_Elixhausercomorbiditysoftware_2018:
% Unexpected field 'type'

@article{charlson_new_1987,
  author = {Charlson, Mary E. and Pompei, Peter and Ales, Kathy L. and MacKenzie, C. Ronald},
  date = {1987},
  doi = {10.1016/0021-9681(87)90171-8},
  issn = {0021-9681},
  journaltitle = {Journal of Chronic Diseases},
  number = {5},
  pages = {373-383},
  shortjournal = {Journal of Chronic Diseases},
  shorttitle = {A New Method of Classifying Prognostic Comorbidity in Longitudinal Studies},
  title = {A New Method of Classifying Prognostic Comorbidity in Longitudinal Studies: {{Development}} and Validation},
  volume = {40}
}

@online{CMS_CentersMedicareMedicaid_2018,
  author = {CMS},
  date = {2018-11-06},
  journaltitle = {Research, Statistics, Data \& Systems},
  langid = {american},
  note = {Accessed 2018-06-11; U.S. Centers for Medicare \& Medicaid Services. 7500 Security Boulevard, Baltimore, MD 21244, USA},
  title = {Centers for {{Medicare}} and {{Medicaid Services}}: {{Research}}, Statistics, Data \& Systems},
  url = {https://www.cms.gov/}
}
% == BibLateX quality report for CMS_CentersMedicareMedicaid_2018:
% Unexpected field 'journaltitle'

@article{Eddelbeuttel_FastElegantNumerical_2013,
  author = {Eddelbeuttel, Dirk and Bates, Douglas},
  date = {2013},
  doi = {10.18637/jss.v052.i05},
  journaltitle = {Journal of Statistical Software},
  langid = {american},
  number = {5},
  title = {Fast and {{Elegant Numerical Linear Algebra Using}} the {{RcppEigen Package}} | {{Bates}} | {{Journal}} of {{Statistical Software}}},
  volume = {52}
}
% == BibLateX quality report for Eddelbeuttel_FastElegantNumerical_2013:
% ? Title looks like it was stored in title-case in Zotero

@article{Eddelbuettel_RcppSeamlessIntegration_2011,
  author = {Eddelbuettel, Dirk and Francois, Romain},
  date = {2011},
  doi = {10.18637/jss.v040.i08},
  journaltitle = {Journal of Statistical Software},
  langid = {american},
  number = {8},
  shorttitle = {Rcpp},
  title = {Rcpp: {{Seamless R}} and {{C}}++ {{Integration}}},
  volume = {40}
}
% == BibLateX quality report for Eddelbuettel_RcppSeamlessIntegration_2011:
% ? Title looks like it was stored in title-case in Zotero

@article{elixhauser_comorbidity_1998,
  author = {Elixhauser, Anne and Steiner, Claudia and Harris, D. Robert and Coffey, Rosanna M.},
  date = {1998},
  issn = {0025-7079},
  journaltitle = {Medical Care January 1998},
  number = {1},
  pages = {8-27},
  title = {Comorbidity {{Measures}} for {{Use}} with {{Administrative Data}}},
  url = {http://ovidsp.ovid.com/ovidweb.cgi?T=JS&CSC=Y&NEWS=N&PAGE=fulltext&D=ovftc&AN=00005650-199801000-00004},
  urldate = {2014-06-25},
  volume = {36}
}
% == BibLateX quality report for elixhauser_comorbidity_1998:
% ? Title looks like it was stored in title-case in Zotero

@report{Evans_EvaluationCMSHCCRisk_2011,
  author = {Evans, Melissa A.},
  date = {2011-03},
  institution = {{Center for Medicaid and Medicare Services}},
  langid = {english},
  pages = {127},
  title = {Evaluation of the {{CMS}}-{{HCC Risk Adjustment Model}}},
  url = {https://www.cms.gov/Medicare/Health-Plans/MedicareAdvtgSpecRateStats/downloads/evaluation_risk_adj_model_2011.pdf}
}
% == BibLateX quality report for Evans_EvaluationCMSHCCRisk_2011:
% Missing required field 'type'
% ? Title looks like it was stored in title-case in Zotero

@article{Feinstein_packagepediatriccomplex_2018,
  author = {Feinstein, James A. and Russell, Seth and DeWitt, Peter E. and Feudtner, Chris and Dai, Dingwei and Bennett, Tellen D.},
  date = {2018-04-23},
  doi = {10.1001/jamapediatrics.2018.0256},
  eprint = {29710063},
  eprinttype = {pmid},
  issn = {2168-6211},
  journaltitle = {JAMA pediatrics},
  langid = {english},
  number = {6},
  pages = {596-598},
  pmcid = {PMC5933455},
  shortjournal = {JAMA Pediatr},
  title = {R Package for Pediatric Complex Chronic Condition Classification},
  volume = {172}
}
% == BibLateX quality report for Feinstein_packagepediatriccomplex_2018:
% Unexpected field 'pmcid'

@article{Feudtner_Pediatriccomplexchronic_2014,
  author = {Feudtner, Chris and Feinstein, James A and Zhong, Wenjun and Hall, Matt and Dai, Dingwei},
  date = {2014-08-08},
  doi = {10.1186/1471-2431-14-199},
  eprint = {25102958},
  eprinttype = {pmid},
  issn = {1471-2431},
  journaltitle = {BMC Pediatrics},
  pages = {199},
  pmcid = {PMC4134331},
  shortjournal = {BMC Pediatr},
  shorttitle = {Pediatric Complex Chronic Conditions Classification System Version 2},
  title = {Pediatric Complex Chronic Conditions Classification System Version 2: Updated for {{ICD}}-10 and Complex Medical Technology Dependence and Transplantation},
  volume = {14}
}
% == BibLateX quality report for Feudtner_Pediatriccomplexchronic_2014:
% Unexpected field 'pmcid'

@article{frank_risk-adjusted_2014,
  author = {Frank, Steven M. and Wick, Elizabeth C. and Dezern, Amy E. and Ness, Paul M. and Wasey, Jack O. and Pippa, Andrew C. and Dackiw, Elizabeth and Resar, Linda M.S.},
  date = {2014-01-10},
  doi = {10.1111/trf.12752},
  issn = {1537-2995},
  journaltitle = {Transfusion},
  langid = {english},
  number = {10},
  pages = {2668-2677},
  shortjournal = {Transfusion},
  title = {Risk-Adjusted Clinical Outcomes in Patients Enrolled in a Bloodless Program},
  volume = {54}
}

@online{Guennebaud_Eigen_2017,
  author = {Guennebaud, G and Jacob, B and family=al, prefix=et, useprefix=true},
  date = {2017},
  note = {Accessed 2018-07-09},
  title = {Eigen},
  url = {http://eigen.tuxfamily.org/index.php?title=Main_Page},
  urldate = {2018-07-09}
}

@article{Lee_Predictingmortalitypatients_2003,
  author = {Lee, Douglas S. and Austin, Peter C. and Rouleau, Jean L. and Liu, Peter P. and Naimark, David and Tu, Jack V.},
  date = {2003-11-19},
  doi = {10.1001/jama.290.19.2581},
  issn = {0098-7484},
  journaltitle = {JAMA},
  langid = {english},
  number = {19},
  pages = {2581-2587},
  shortjournal = {JAMA},
  shorttitle = {Predicting {{Mortality Among Patients Hospitalized}} for {{Heart Failure}}},
  title = {Predicting Mortality among Patients Hospitalized for Heart Failure: Derivation and Validation of a Clinical Model},
  volume = {290}
}

@article{Pope_RiskadjustmentMedicare_2004,
  author = {Pope, G. C. and Kautter, J. and Ellis, R. P. and Ash, A. S. and Ayanian, J. Z. and Lezzoni, L. I. and Ingber, M. J. and Levy, J. M. and Robst, J.},
  date = {2004},
  eprint = {15493448},
  eprinttype = {pmid},
  issn = {0195-8631},
  journaltitle = {Health care financing review, Health Care Financing Review},
  langid = {english},
  number = {4, 4},
  pages = {119, 119-141},
  shortjournal = {Health Care Financ Rev},
  title = {Risk Adjustment of {{Medicare}} Capitation Payments Using the {{CMS}}-{{HCC}} Model., {{Risk Adjustment}} of {{Medicare Capitation Payments Using}} the {{CMS}}-{{HCC Model}}},
  url = {http://europepmc.org/abstract/MED/15493448},
  urldate = {2018-04-24},
  volume = {25, 25}
}

@article{quan_coding_2005,
  author = {Quan, Hude and Sundararajan, Vijaya and Halfon, Patricia and Fong, Andrew and Burnand, Bernard and Luthi, Jean-Christophe and Saunders, L. Duncan and Beck, Cynthia A. and Feasby, Thomas E. and Ghali, William A.},
  date = {2005-11-01},
  eprint = {3768193},
  eprinttype = {jstor},
  issn = {0025-7079},
  journaltitle = {Medical Care},
  number = {11},
  pages = {1130-1139},
  shortjournal = {Medical Care},
  title = {Coding {{Algorithms}} for {{Defining Comorbidities}} in {{ICD}}-9-{{CM}} and {{ICD}}-10 {{Administrative Data}}},
  volume = {43}
}
% == BibLateX quality report for quan_coding_2005:
% ? Title looks like it was stored in title-case in Zotero

@article{quan_updating_2011,
  author = {Quan, Hude and Li, Bing and Couris, Chantal M. and Fushimi, Kiyohide and Graham, Patrick and Hider, Phil and Januel, Jean-Marie and Sundararajan, Vijaya},
  date = {2011-03-15},
  doi = {10.1093/aje/kwq433},
  eprint = {21330339},
  eprinttype = {pmid},
  issn = {0002-9262, 1476-6256},
  journaltitle = {American Journal of Epidemiology},
  langid = {english},
  number = {6},
  pages = {676-682},
  shortjournal = {Am. J. Epidemiol.},
  title = {Updating and {{Validating}} the {{Charlson Comorbidity Index}} and {{Score}} for {{Risk Adjustment}} in {{Hospital Discharge Abstracts Using Data From}} 6 {{Countries}}},
  volume = {173}
}
% == BibLateX quality report for quan_updating_2011:
% 'issn': not a valid ISSN
% ? Title looks like it was stored in title-case in Zotero

@article{So_ICD10codingalgorithms_2006,
  author = {So, Lawrence and Evans, Dewey and Quan, Hude},
  date = {2006-12-15},
  doi = {10.1186/1472-6963-6-161},
  eprint = {17173686},
  eprinttype = {pmid},
  issn = {1472-6963},
  journaltitle = {BMC Health Services Research},
  pages = {161},
  pmcid = {PMC1781440},
  shortjournal = {BMC Health Serv Res},
  title = {{{ICD}}-10 Coding Algorithms for Defining Comorbidities of Acute Myocardial Infarction},
  volume = {6}
}
% == BibLateX quality report for So_ICD10codingalgorithms_2006:
% Unexpected field 'pmcid'

@article{vanWalraven_modificationElixhausercomorbidity_2009,
  author = {family=Walraven, given=Carl, prefix=van, useprefix=true and Austin, Peter C. and Jennings, Alison and Quan, Hude and Forster, Alan J.},
  date = {2009-06},
  doi = {10.1097/MLR.0b013e31819432e5},
  eprint = {19433995},
  eprinttype = {pmid},
  issn = {1537-1948},
  journaltitle = {Medical Care},
  langid = {english},
  number = {6},
  pages = {626-633},
  shortjournal = {Med Care},
  title = {A Modification of the {{Elixhauser}} Comorbidity Measures into a Point System for Hospital Death Using Administrative Data},
  volume = {47}
}

@online{VermontDepartmentofHealth_VermontHospitalDischarge_2016,
  author = {Vermont Department of Health},
  date = {2016-07-18},
  journaltitle = {Vermont Department of Health},
  langid = {english},
  note = {Accessed 2018-05-05; Health Surveillance Division, P.O. Box 70, Burlington, VT 05402, USA},
  title = {Vermont {{Hospital Discharge Data}}},
  url = {http://www.healthvermont.gov/health-statistics-vital-records/health-care-systems-reporting/hospital-discharge-data}
}
% == BibLateX quality report for VermontDepartmentofHealth_VermontHospitalDischarge_2016:
% Unexpected field 'journaltitle'
% ? Title looks like it was stored in title-case in Zotero

@online{WHO_Internationalclassificationdiseases_2018,
  author = {WHO},
  date = {2018-06-19},
  journaltitle = {WHO},
  note = {Accessed 2018-06-18; World Health Organization, Avenue Appia 20, 1202 Geneva, Switzerland},
  title = {International Classification of Diseases},
  url = {http://www.who.int/classifications/icd/en/}
}
% == BibLateX quality report for WHO_Internationalclassificationdiseases_2018:
% Unexpected field 'journaltitle'


